<record><leader>00000cas a2200000 a 4500</leader><controlfield tag="001">35396690</controlfield><controlfield tag="008">960906d19291937miuwr ne      0    0eng c</controlfield><datafield ind1=" " ind2=" " tag="010"><subfield code="a">sn 96077046 </subfield></datafield><datafield ind1=" " ind2=" " tag="040"><subfield code="a">MHN</subfield><subfield code="b">eng</subfield><subfield code="c">MHN</subfield><subfield code="d">OCL</subfield><subfield code="d">OCLCQ</subfield><subfield code="d">OCLCF</subfield><subfield code="d">OCLCO</subfield></datafield><datafield ind1="1" ind2=" " tag="029"><subfield code="a">AU@</subfield><subfield code="b">000012845253</subfield></datafield><datafield ind1=" " ind2=" " tag="042"><subfield code="a">pcc</subfield></datafield><datafield ind1=" " ind2=" " tag="043"><subfield code="a">n-us-mi</subfield></datafield><datafield ind1="0" ind2="0" tag="245"><subfield code="a">Livingston County Republican-press.</subfield></datafield><datafield ind1=" " ind2=" " tag="260"><subfield code="a">Howell, Livingston County, Mich. :</subfield><subfield code="b">Livingston County Republican-Press Co.</subfield></datafield><datafield ind1=" " ind2=" " tag="300"><subfield code="a">v.</subfield></datafield><datafield ind1=" " ind2=" " tag="310"><subfield code="a">Weekly</subfield></datafield><datafield ind1="0" ind2=" " tag="362"><subfield code="a">Vol. 86, no. 1 (Aug. 7, 1929)-v. 92, no. 10 (Sept. 29, 1937).</subfield></datafield><datafield ind1=" " ind2=" " tag="580"><subfield code="a">Formed by the union of: Livingston County press (Howell, Mich. : 1928), and: Livingston Republican (Howell, Mich.).</subfield></datafield><datafield ind1=" " ind2="0" tag="651"><subfield code="a">Howell (Mich.)</subfield><subfield code="v">Newspapers.</subfield></datafield><datafield ind1=" " ind2="0" tag="651"><subfield code="a">Livingston County (Mich.)</subfield><subfield code="v">Newspapers.</subfield></datafield><datafield ind1=" " ind2="7" tag="655"><subfield code="a">Newspapers.</subfield><subfield code="2">fast</subfield><subfield code="0">(OCoLC)fst01423814</subfield></datafield><datafield ind1=" " ind2="7" tag="651"><subfield code="a">Michigan</subfield><subfield code="z">Howell.</subfield><subfield code="2">fast</subfield><subfield code="0">(OCoLC)fst01212769</subfield></datafield><datafield ind1=" " ind2="7" tag="651"><subfield code="a">Michigan</subfield><subfield code="z">Livingston County.</subfield><subfield code="2">fast</subfield><subfield code="0">(OCoLC)fst01214801</subfield></datafield><datafield ind1=" " ind2=" " tag="752"><subfield code="a">United States</subfield><subfield code="b">Michigan</subfield><subfield code="c">Livingston</subfield><subfield code="d">Howell.</subfield></datafield><datafield ind1="1" ind2="4" tag="780"><subfield code="t">Livingston County press (Howell, Mich. : 1928)</subfield><subfield code="w">(DLC)sn 96077045</subfield><subfield code="w">(OCoLC)35396662</subfield></datafield><datafield ind1="1" ind2="4" tag="780"><subfield code="t">Livingston Republican (Howell, Mich.)</subfield><subfield code="w">(DLC)sn 85033649</subfield><subfield code="w">(OCoLC)12147223</subfield></datafield><datafield ind1="0" ind2="0" tag="785"><subfield code="t">Livingston County press (Howell, Mich. : 1937)</subfield><subfield code="w">(DLC)sn 96076928</subfield><subfield code="w">(OCoLC)35423811</subfield></datafield></record>